<?xml version="1.0" encoding="UTF-8"?><collection xmlns="http://www.loc.gov/MARC21/slim"><record><leader>00354nam--2200145-i-4500</leader><controlfield tag="001">000002750</controlfield><controlfield tag="002">20161230</controlfield><controlfield tag="005">20161230201025</controlfield><controlfield tag="008">060222s1000------------r-----000-0-eng-d</controlfield><datafield ind1=" " ind2=" " tag="080"><subfield code="a">56</subfield></datafield><datafield ind1=" " ind2=" " tag="100"><subfield code="a">Dauvillier, A</subfield></datafield><datafield ind1=" " ind2=" " tag="245"><subfield code="a">Le magnetisme des corps celestes</subfield></datafield><datafield ind1=" " ind2=" " tag="260"><subfield code="a">Paris, Hermann, 1954 160 P.+45 Fig</subfield></datafield><datafield ind1=" " ind2=" " tag="490"><subfield code="a">Physique Cosmique</subfield></datafield><datafield ind1=" " ind2=" " tag="852"><subfield code="a">10384</subfield></datafield></record></collection>